@Manual{CRAN,
    title = {R: A Language and Environment for Statistical Computing},
    author = {{R Core Team}},
    organization = {R Foundation for Statistical Computing},
    address = {Vienna, Austria},
    year = {2017},
    url = {https://www.R-project.org/},
  }

@Manual{Allaire2017,
    title = {rticles: Article Formats for R Markdown},
    author = {JJ Allaire and {R Foundation} and Hadley Wickham and {Journal of Statistical Software} and Yihui Xie and Ramnath  Vaidyanathan and {Association for Computing Machinery} and Carl Boettiger and {Elsevier} and Karl Broman and Kirill Mueller and Bastiaan Quast and Randall  Pruim and Ben Marwick and Charlotte Wickham and Oliver Keyes and Miao Yu},
    year = {2017},
    note = {R package version 0.4.1},
    url = {https://CRAN.R-project.org/package=rticles},
}

@techreport{NHQDR16,
   title = {2016 National Healthcare Quality and Disparities Report},
   institution = {Agency for Healthcare Research and Quality},
   number = {AHRQ Pub. No. 17-0001},
   month = {July, 2017},
   type = {Report}
}